@inproceedings{sarubbi2007model,
  title={Model and algorithms for the multicommodity traveling salesman problem},
  author={Sarubbi, Joao and Mateus, Geraldo Robson and Luna, Henrique Pacca and de Miranda, Gilberto Jr},
  booktitle={7th International Conference on Hybrid Intelligent Systems (HIS 2007)},
  pages={113--119},
  year={2007},
  organization={IEEE}
}

@book{wolsey2020integer,
  title={Integer programming},
  author={Wolsey, Laurence A},
  year={2020},
  publisher={John Wiley \& Sons}
}

@article{o1987quadratic,
  title={A quadratic integer program for the location of interacting hub facilities},
  author={O'kelly, Morton E},
  journal={European journal of operational research},
  volume={32},
  number={3},
  pages={393--404},
  year={1987},
  publisher={Elsevier}
}

@article{alumur2021perspectives,
  title={Perspectives on modeling hub location problems},
  author={Alumur, Sibel A and Campbell, James F and Contreras, Ivan and Kara, Bahar Y and Marianov, Vladimir and Oâ€™Kelly, Morton E},
  journal={European Journal of Operational Research},
  volume={291},
  number={1},
  pages={1--17},
  year={2021},
  publisher={Elsevier}
}

@book{bazaraa2011linear,
  title={Linear programming and network flows},
  author={Bazaraa, Mokhtar S and Jarvis, John J and Sherali, Hanif D},
  year={2011},
  publisher={John Wiley \& Sons}
}

@article{espejo2023new,
  title={A new formulation and branch-and-cut method for single-allocation hub location problems},
  author={Espejo, Inmaculada and Mar{\'\i}n, Alfredo and Mu{\~n}oz-Oca{\~n}a, Juan M and Rodr{\'\i}guez-Ch{\'\i}a, Antonio M},
  journal={Computers \& Operations Research},
  volume={155},
  pages={106241},
  year={2023},
  publisher={Elsevier}
}